ISA*00*          *00*          *ZZ*330897513      *ZZ*AUTISMINTERVP  *180717*1025*^*00501*539371765*0*P*:~GS*HP*330897513*AUTISMINTERVP*20180717*1025*539371765*X*005010X221A1~ST*835*0001~BPR*I*4445.94*C*ACH*CCP*01*122241501*DA*9080007598*1680301406**01*121000358*DA*325071742917*20180716~TRN*1*R20001369655*1680301406~DTM*405*20180716~N1*PR*PARTNERSHIP HEALTHPLAN OF CALIFORNIA~N3*4665 BUSINESS CENTER DRIVE~N4*FAIRFIELD*CA*94534~PER*CX*CLAIMS CONTACT*TE*7078634100~PER*BL*EDI TEAM*EM*EDITEAM@PARTNERSHIPHP.ORG~N1*PE*AUTISM INTERVENTION PROF*FI*812792769~N3*7567 AMADOR VALLEY BLVD STE 109~N4*DUBLIN*CA*94568~REF*PQ*AUIN~LX*1~CLP*56896*1*626.4*530.4**MC*181787710014~NM1*QC*1*POE*MATTHEW****MI*95143580G7~NM1*82*1*INTERVENTION*AUTISM****XX*1457709495~SVC*HC:H2019:HM*96*0**8~DTM*472*20180615~CAS*CO*18*96~REF*BB*BH001276~REF*6R*0100~AMT*B6*96~SVC*HC:A0425*60.48*60.48**112~DTM*472*20180618~REF*6R*0200~AMT*B6*60.48~SVC*HC:H2019:HM*96*96**8~DTM*472*20180618~REF*BB*BH001276~REF*6R*0300~AMT*B6*96~SVC*HC:A0425*79.92*79.92**148~DTM*472*20180619~REF*6R*0400~AMT*B6*79.92~SVC*HC:H2019:HM*168*168**14~DTM*472*20180619~REF*BB*BH001276~REF*6R*0500~AMT*B6*168~SVC*HC:H2014:HN*126*126**7~DTM*472*20180619~REF*BB*BH001276~REF*6R*0600~AMT*B6*126~CLP*58678*1*187.68*187.68**MC*181787710023~NM1*QC*1*BARAJAS*JADEN****MI*95347055F0~NM1*82*1*INTERVENTION*AUTISM****XX*1457709495~SVC*HC:H2019:HM*120*120**10~DTM*472*20180618~REF*BB*BH001352~REF*6R*0100~AMT*B6*120~SVC*HC:H2014:HO*67.68*67.68**3~DTM*472*20180618~REF*BB*BH001352~REF*6R*0200~AMT*B6*67.68~CLP*50520*1*520.08*226.8**MC*181787710029~NM1*QC*1*STORIE*ABBEY****MI*95115631F5~NM1*82*1*INTERVENTION*AUTISM****XX*1457709495~SVC*HC:A0425*15.12*15.12**28~DTM*472*20180618~REF*6R*0100~AMT*B6*15.12~SVC*HC:S5111:HO*180.48*67.68**3~DTM*472*20180618~CAS*CO*45*112.8~REF*BB*BH001089~REF*6R*0200~AMT*B6*67.68~SVC*HC:H2019:HM*144*144**12~DTM*472*20180618~REF*BB*BH001089~REF*6R*0300~AMT*B6*144~SVC*HC:S5111:HO*180.48*0**5~DTM*472*20180618~CAS*PI*15*112.8~CAS*CO*45*67.68~REF*BB*BH001089~REF*6R*0400~AMT*B6*112.8~LQ*HE*M62~CLP*56896*1*472.32*472.32**MC*181847707715~NM1*QC*1*POE*MATTHEW****MI*95143580G7~NM1*82*1*INTERVENTION*AUTISM****XX*1457709495~SVC*HC:A0425*32.4*32.4**60~DTM*472*20180625~REF*6R*0100~AMT*B6*32.4~SVC*HC:H2019:HM*192*192**16~DTM*472*20180625~REF*BB*BH001276~REF*6R*0200~AMT*B6*192~SVC*HC:A0425*79.92*79.92**148~DTM*472*20180626~REF*6R*0300~AMT*B6*79.92~SVC*HC:H2019:HM*96*96**8~DTM*472*20180626~REF*BB*BH001276~REF*6R*0400~AMT*B6*96~SVC*HC:H2014:HN*72*72**4~DTM*472*20180626~REF*BB*BH001276~REF*6R*0500~AMT*B6*72~SVC*HC:H2019:HM*0*0**8~DTM*472*20180626~REF*BB*BH001276~REF*6R*0600~LQ*HE*M79~CLP*56896*1*531.12*526.8**MC*181847707716~NM1*QC*1*POE*MATTHEW****MI*95143580G7~NM1*82*1*INTERVENTION*AUTISM****XX*1457709495~SVC*HC:A0425*64.8*64.8**120~DTM*472*20180627~REF*6R*0100~AMT*B6*64.8~SVC*HC:H2019:HM*204*204**17~DTM*472*20180627~REF*BB*BH001276~REF*6R*0200~AMT*B6*204~SVC*HC:A0425*4.32*0**8~DTM*472*20180627~CAS*CO*18*4.32~REF*6R*0300~AMT*B6*4.32~SVC*HC:H2014:HN*162*162**9~DTM*472*20180627~REF*BB*BH001276~REF*6R*0400~AMT*B6*162~SVC*HC:H2019:HM*96*96**8~DTM*472*20180628~REF*BB*BH001276~REF*6R*0500~AMT*B6*96~SVC*HC:H2019:HM*0*0**8~DTM*472*20180628~REF*BB*BH001276~REF*6R*0600~LQ*HE*M79~CLP*56896*1*133.26*133.26**MC*181847707717~NM1*QC*1*POE*MATTHEW****MI*95143580G7~NM1*82*1*INTERVENTION*AUTISM****XX*1457709495~SVC*HC:A0425*37.26*37.26**69~DTM*472*20180629~REF*6R*0100~AMT*B6*37.26~SVC*HC:H2019:HM*96*96**8~DTM*472*20180629~REF*BB*BH001276~REF*6R*0200~AMT*B6*96~SVC*HC:H2019:HM*0*0**8~DTM*472*20180629~REF*BB*BH001276~REF*6R*0300~LQ*HE*M79~CLP*56898*1*714*714**MC*181847707719~NM1*QC*1*POE*RICHARD****MI*99368780G6~NM1*82*1*INTERVENTION*AUTISM****XX*1457709495~SVC*HC:H2019:HM*192*192**16~DTM*472*20180625~REF*BB*BH001275~REF*6R*0100~AMT*B6*192~SVC*HC:H2019:HM*0*0**8~DTM*472*20180626~REF*BB*BH001275~REF*6R*0200~LQ*HE*M79~SVC*HC:H2014:HN*162*162**9~DTM*472*20180626~REF*BB*BH001275~REF*6R*0300~AMT*B6*162~SVC*HC:H2019:HM*96*96**8~DTM*472*20180626~REF*BB*BH001275~REF*6R*0400~AMT*B6*96~SVC*HC:H2019:HM*156*156**13~DTM*472*20180627~REF*BB*BH001275~REF*6R*0500~AMT*B6*156~SVC*HC:H2014:HN*108*108**6~DTM*472*20180627~REF*BB*BH001275~REF*6R*0600~AMT*B6*108~CLP*56898*1*192*192**MC*181847707720~NM1*QC*1*POE*RICHARD****MI*99368780G6~NM1*82*1*INTERVENTION*AUTISM****XX*1457709495~SVC*HC:H2019:HM*0*0**8~DTM*472*20180628~REF*BB*BH001275~REF*6R*0100~LQ*HE*M79~SVC*HC:H2019:HM*96*96**8~DTM*472*20180628~REF*BB*BH001275~REF*6R*0200~AMT*B6*96~SVC*HC:H2019:HM*0*0**8~DTM*472*20180629~REF*BB*BH001275~REF*6R*0300~LQ*HE*M79~SVC*HC:H0046:HN*0*0**13~DTM*472*20180629~REF*BB*BH001275~REF*6R*0400~LQ*HE*M79~SVC*HC:H2019:HM*96*96**8~DTM*472*20180629~REF*BB*BH001275~REF*6R*0500~AMT*B6*96~CLP*61702*1*284.82*284.82**MC*181847707731~NM1*QC*1*DIAZ PAEZ*SAMUEL****MI*90037049D8~NM1*82*1*INTERVENTION*AUTISM****XX*1457709495~SVC*HC:H2019:HM*84*84**7~DTM*472*20180529~REF*BB*BH001517~REF*6R*0100~AMT*B6*84~SVC*HC:A0425*15.66*15.66**29~DTM*472*20180626~REF*6R*0200~AMT*B6*15.66~SVC*HC:H2019:HM*60*60**5~DTM*472*20180626~REF*BB*BH001517~REF*6R*0300~AMT*B6*60~SVC*HC:A0425*11.88*11.88**22~DTM*472*20180627~REF*6R*0400~AMT*B6*11.88~SVC*HC:H2019:HM*96*96**8~DTM*472*20180627~REF*BB*BH001517~REF*6R*0500~AMT*B6*96~SVC*HC:A0425*17.28*17.28**32~DTM*472*20180630~REF*6R*0600~AMT*B6*17.28~CLP*60475*4*120*0**MC*181847707739~NM1*QC*1*GREGORY*ZACHERY****MI*96014087E7~NM1*82*1*INTERVENTION*AUTISM****XX*1457709495~SVC*HC:H2019:HM*120*0**10~DTM*472*20180617~CAS*CO*18*120~REF*BB*BH001476~REF*6R*0100~AMT*B6*120~CLP*63547*1*136.2*136.2**MC*181847707740~NM1*QC*1*COMBS*MASON****MI*97988853F5~NM1*82*1*INTERVENTION*AUTISM****XX*1457709495~SVC*HC:A0425*16.2*16.2**30~DTM*472*20180629~REF*6R*0100~AMT*B6*16.2~SVC*HC:H2019:HM*120*120**10~DTM*472*20180629~REF*BB*BH001587~REF*6R*0200~AMT*B6*120~CLP*65999*1*663.24*663.24**MC*181847707741~NM1*QC*1*LEPPEK*KYAN****MI*97347133F7~NM1*82*1*INTERVENTION*AUTISM****XX*1457709495~SVC*HC:A0425*7.56*7.56**14~DTM*472*20180625~REF*6R*0100~AMT*B6*7.56~SVC*HC:H2019:HM*96*96**8~DTM*472*20180625~REF*BB*BH001677~REF*6R*0200~AMT*B6*96~SVC*HC:H2019:HM*180*180**15~DTM*472*20180626~REF*BB*BH001677~REF*6R*0300~AMT*B6*180~SVC*HC:A0425*12.96*12.96**24~DTM*472*20180626~REF*6R*0400~AMT*B6*12.96~SVC*HC:H0046:HO*270.72*270.72**12~DTM*472*20180626~REF*BB*BH001677~REF*6R*0500~AMT*B6*270.72~SVC*HC:H2019:HM*96*96**8~DTM*472*20180629~REF*BB*BH001677~REF*6R*0600~AMT*B6*96~CLP*67545*1*378.42*378.42**MC*181847707742~NM1*QC*1*BRADSHAW*TYTAS****MI*99940814F4~NM1*82*1*INTERVENTION*AUTISM****XX*1457709495~SVC*HC:A0425*5.94*5.94**11~DTM*472*20180625~REF*6R*0100~AMT*B6*5.94~SVC*HC:H0046:HO*90.24*90.24**4~DTM*472*20180625~REF*BB*BH001781~REF*6R*0200~AMT*B6*90.24~SVC*HC:H2019:HM*96*96**8~DTM*472*20180625~REF*BB*BH001781~REF*6R*0300~AMT*B6*96~SVC*HC:S5111:HO*90.24*90.24**4~DTM*472*20180625~REF*BB*BH001781~REF*6R*0400~AMT*B6*90.24~SVC*HC:H2019:HM*96*96**8~DTM*472*20180629~REF*BB*BH001781~REF*6R*0500~AMT*B6*96~PLB*AUIN*20180713*FB*0*WO:000201938094*0~SE*337*0001~ST*835*0002~BPR*I*0*C*ACH*CCP*01*122241501*DA*9080007598*1680301406**01*121000358*DA*325071742917*20180716~TRN*1*R2000000000020180716184212*1680301406~DTM*405*20180716~N1*PR*PARTNERSHIP HEALTHPLAN OF CALIFORNIA~N3*4665 BUSINESS CENTER DRIVE~N4*FAIRFIELD*CA*94534~PER*CX*CLAIMS CONTACT*TE*7078634100~PER*BL*EDI TEAM*EM*EDITEAM@PARTNERSHIPHP.ORG~N1*PE*AUTISM INTERVENTION PROF*FI*812792769~N3*7567 AMADOR VALLEY BLVD STE 109~N4*DUBLIN*CA*94568~REF*PQ*AUIN~LX*1~CLP*44*4*252*0**MC*181907706858~NM1*QC*1*ALARIE*CAIRO****MI*92049724F3~NM1*82*1*INTERVENTION*AUTISM****XX*1457709495~SVC*HC:H2019*252*0**20~DTM*472*20180706~CAS*CO*45*252~REF*6R*0100~CLP*43*4*162*0**MC*181907706859~NM1*QC*1*ALARIE*CAIRO****MI*92049724F3~NM1*82*1*INTERVENTION*AUTISM****XX*1457709495~SVC*HC:H2014*162*0**8~DTM*472*20180706~CAS*CO*45*162~REF*6R*0100~PLB*AUIN*20180713*FB*0*WO:000201939982*0~SE*30*0002~GE*2*539371765~IEA*1*539371765~